@INPROCEEDINGS{Liu10sentimentanalysis,
    author = {Bing Liu},
    title = {Sentiment analysis and subjectivity},
    booktitle = {Handbook of Natural Language Processing, Second Edition. Taylor and Francis Group, Boca},
    year = {2010}
}

@INPROCEEDINGS{SA_RECENT,
  author={Z. Madhoushi and A. R. Hamdan and S. Zainudin},
  booktitle={2015 Science and Information Conference (SAI)},
  title={Sentiment analysis techniques in recent works},
  year={2015},
  volume={},
  number={},
  pages={288-291},
  keywords={learning (artificial intelligence);natural language processing;pattern classification;text analysis;Lexicon-based technique;aspect extraction;aspect-based sentiment analysis;complex sentences;document level analysis;hybrid technique;machine learning-based techniques;opinion labeling;phrase level analysis;semisupervised learning technique;sentence level analysis;sentiment analysis technique;sentiment classification;sentiment words;simple parsing;unsupervised learning;writer opinion;Analytical models;Data mining;Semisupervised learning;Sentiment analysis;Supervised learning;Support vector machines;Unsupervised learning;Lexicon-based approaches;machine learning approaches;sentiment analysis},
  doi={10.1109/SAI.2015.7237157},
  ISSN={},
  month={July},	
}

@article{NB_SPAM,
  author    = {Ion Androutsopoulos and
               Georgios Paliouras and
               Vangelis Karkaletsis and
               Georgios Sakkis and
               Constantine D. Spyropoulos and
               Panagiotis Stamatopoulos},
  title     = {Learning to Filter Spam E-Mail: {A} Comparison of a Naive Bayesian
               and a Memory-Based Approach},
  journal   = {CoRR},
  volume    = {cs.CL/0009009},
  year      = {2000},
  url       = {http://arxiv.org/abs/cs.CL/0009009},
  timestamp = {Wed, 07 Jun 2017 14:40:03 +0200},
  biburl    = {https://dblp.org/rec/bib/journals/corr/cs-CL-0009009},
  bibsource = {dblp computer science bibliography, https://dblp.org}
}

@book{NB_SAL,
 author = {Jurafsky, Daniel and Martin, James H.},
 title = {Speech and Language Processing (2Nd Edition)},
 year = {2009},
 isbn = {0131873210},
 publisher = {Prentice-Hall, Inc.},
 address = {Upper Saddle River, NJ, USA},
} 

@unknown{Survey,
author = {Li, Yang and Yang, Tao},
year = {2018},
month = {05},
pages = {83-104},
title = {Word Embedding for Understanding Natural Language: A Survey},
isbn = {978-3-319-53816-7}
}

@article{Word2vec,
  author    = {Tomas Mikolov and
               Kai Chen and
               Greg Corrado and
               Jeffrey Dean},
  title     = {Efficient Estimation of Word Representations in Vector Space},
  journal   = {CoRR},
  volume    = {abs/1301.3781},
  year      = {2013},
  url       = {http://arxiv.org/abs/1301.3781},
  archivePrefix = {arXiv},
  eprint    = {1301.3781},
  timestamp = {Wed, 07 Jun 2017 14:42:25 +0200},
  biburl    = {https://dblp.org/rec/bib/journals/corr/abs-1301-3781},
  bibsource = {dblp computer science bibliography, https://dblp.org}
}

@inproceedings{GLOVE,
  author = {Jeffrey Pennington and Richard Socher and Christopher D. Manning},
  booktitle = {Empirical Methods in Natural Language Processing (EMNLP)},
  title = {GloVe: Global Vectors for Word Representation},
  year = {2014},
  pages = {1532--1543},
  url = {http://www.aclweb.org/anthology/D14-1162},
}

@inproceedings{NLTK,
 author = {Loper, Edward and Bird, Steven},
 title = {NLTK: The Natural Language Toolkit},
 booktitle = {Proceedings of the ACL-02 Workshop on Effective Tools and Methodologies for Teaching Natural Language Processing and Computational Linguistics - Volume 1},
 series = {ETMTNLP '02},
 year = {2002},
 location = {Philadelphia, Pennsylvania},
 pages = {63--70},
 numpages = {8},
 url = {https://doi.org/10.3115/1118108.1118117},
 doi = {10.3115/1118108.1118117},
 acmid = {1118117},
 publisher = {Association for Computational Linguistics},
 address = {Stroudsburg, PA, USA},
} 

@article{sklearn,
 title={Scikit-learn: Machine Learning in {P}ython},
 author={Pedregosa, F. and Varoquaux, G. and Gramfort, A. and Michel, V.
         and Thirion, B. and Grisel, O. and Blondel, M. and Prettenhofer, P.
         and Weiss, R. and Dubourg, V. and Vanderplas, J. and Passos, A. and
         Cournapeau, D. and Brucher, M. and Perrot, M. and Duchesnay, E.},
 journal={Journal of Machine Learning Research},
 volume={12},
 pages={2825--2830},
 year={2011}
}

@article{GOOGLE_SENTENCE,
  author    = {Daniel Cer and
               Yinfei Yang and
               Sheng{-}yi Kong and
               Nan Hua and
               Nicole Limtiaco and
               Rhomni St. John and
               Noah Constant and
               Mario Guajardo{-}Cespedes and
               Steve Yuan and
               Chris Tar and
               Yun{-}Hsuan Sung and
               Brian Strope and
               Ray Kurzweil},
  title     = {Universal Sentence Encoder},
  journal   = {CoRR},
  volume    = {abs/1803.11175},
  year      = {2018},
  url       = {http://arxiv.org/abs/1803.11175},
  archivePrefix = {arXiv},
  eprint    = {1803.11175},
  timestamp = {Thu, 12 Apr 2018 17:07:48 +0200},
  biburl    = {https://dblp.org/rec/bib/journals/corr/abs-1803-11175},
  bibsource = {dblp computer science bibliography, https://dblp.org}
}

@article{Machine_translation,
  author    = {Ilya Sutskever and
               Oriol Vinyals and
               Quoc V. Le},
  title     = {Sequence to Sequence Learning with Neural Networks},
  journal   = {CoRR},
  volume    = {abs/1409.3215},
  year      = {2014},
  url       = {http://arxiv.org/abs/1409.3215},
  archivePrefix = {arXiv},
  eprint    = {1409.3215},
  timestamp = {Wed, 07 Jun 2017 14:40:10 +0200},
  biburl    = {https://dblp.org/rec/bib/journals/corr/SutskeverVL14},
  bibsource = {dblp computer science bibliography, https://dblp.org}
}

@article{language_modeling,
  author    = {Dengliang Shi},
  title     = {A Study on Neural Network Language Modeling},
  journal   = {CoRR},
  volume    = {abs/1708.07252},
  year      = {2017},
  url       = {http://arxiv.org/abs/1708.07252},
  archivePrefix = {arXiv},
  eprint    = {1708.07252},
  timestamp = {Tue, 05 Sep 2017 10:03:46 +0200},
  biburl    = {https://dblp.org/rec/bib/journals/corr/abs-1708-07252},
  bibsource = {dblp computer science bibliography, https://dblp.org}
}

@inproceedings{question_answering,
  title={A Long Short-Term Memory Model for Answer Sentence Selection in Question Answering},
  author={Di Wang and Eric Nyberg},
  booktitle={ACL},
  year={2015}
}

@article{LSTM,
 author = {Hochreiter, Sepp and Schmidhuber, J\"{u}rgen},
 title = {Long Short-Term Memory},
 journal = {Neural Comput.},
 issue_date = {November 15, 1997},
 volume = {9},
 number = {8},
 month = nov,
 year = {1997},
 issn = {0899-7667},
 pages = {1735--1780},
 numpages = {46},
 url = {http://dx.doi.org/10.1162/neco.1997.9.8.1735},
 doi = {10.1162/neco.1997.9.8.1735},
 acmid = {1246450},
 publisher = {MIT Press},
 address = {Cambridge, MA, USA},
} 

@ARTICLE{LSTM_PLUS,
    author = {Felix A. Gers and JÃ¼rgen Schmidhuber and Fred Cummins},
    title = {Learning to Forget: Continual Prediction with LSTM},
    journal = {Neural Computation},
    year = {1999},
    volume = {12},
    pages = {2451--2471}
}

@article{POS_EMB,
  author    = {Seyed Mahdi Rezaeinia and
               Ali Ghodsi and
               Rouhollah Rahmani},
  title     = {Improving the Accuracy of Pre-trained Word Embeddings for Sentiment
               Analysis},
  journal   = {CoRR},
  volume    = {abs/1711.08609},
  year      = {2017},
  url       = {http://arxiv.org/abs/1711.08609},
  archivePrefix = {arXiv},
  eprint    = {1711.08609},
  timestamp = {Tue, 02 Jan 2018 16:25:31 +0100},
  biburl    = {https://dblp.org/rec/bib/journals/corr/abs-1711-08609},
  bibsource = {dblp computer science bibliography, https://dblp.org}
}

@inproceedings{tensorflow,
title	= {TensorFlow: A system for large-scale machine learning},
author	= {Martin Abadi and Paul Barham and Jianmin Chen and Zhifeng Chen and Andy Davis and Jeffrey Dean and Matthieu Devin and Sanjay Ghemawat and Geoffrey Irving and Michael Isard and Manjunath Kudlur and Josh Levenberg and Rajat Monga and Sherry Moore and Derek G. Murray and Benoit Steiner and Paul Tucker and Vijay Vasudevan and Pete Warden and Martin Wicke and Yuan Yu and Xiaoqiang Zheng},
year	= {2016},
URL	= {https://www.usenix.org/system/files/conference/osdi16/osdi16-abadi.pdf},
booktitle	= {12th USENIX Symposium on Operating Systems Design and Implementation (OSDI 16)},
pages	= {265--283}
}

@article{TREEBANK,
 author = {Marcus, Mitchell P. and Marcinkiewicz, Mary Ann and Santorini, Beatrice},
 title = {Building a Large Annotated Corpus of English: The Penn Treebank},
 journal = {Comput. Linguist.},
 issue_date = {June 1993},
 volume = {19},
 number = {2},
 month = jun,
 year = {1993},
 issn = {0891-2017},
 pages = {313--330},
 numpages = {18},
 url = {http://dl.acm.org/citation.cfm?id=972470.972475},
 acmid = {972475},
 publisher = {MIT Press},
 address = {Cambridge, MA, USA},
} 

@misc{Edraw,
author={https://www.edrawsoft.com/},
title={Edraw Max}
}